@article{vbuterinposphi,
    title={A Proof of Stake Design Philosophy},
    author={Vitalik Buterin},
    journal={medium.com},
    year={2016},
}
